<record><leader>00000cas a22000007a 4500</leader><controlfield tag="001">17391084</controlfield><controlfield tag="008">880125d19791985iauwr ne      0    0eng d</controlfield><datafield ind1=" " ind2=" " tag="010"><subfield code="a">sn 88059457 </subfield></datafield><datafield ind1=" " ind2=" " tag="040"><subfield code="a">INP</subfield><subfield code="b">eng</subfield><subfield code="c">INP</subfield><subfield code="d">OCLCQ</subfield></datafield><datafield ind1=" " ind2=" " tag="042"><subfield code="a">msc</subfield></datafield><datafield ind1="0" ind2="0" tag="245"><subfield code="a">Sac County star.</subfield></datafield><datafield ind1=" " ind2=" " tag="260"><subfield code="a">Sac City, Iowa :</subfield><subfield code="b">Sun Pub. Co.,</subfield><subfield code="c">-1985.</subfield></datafield><datafield ind1=" " ind2=" " tag="300"><subfield code="a">v.</subfield></datafield><datafield ind1=" " ind2=" " tag="310"><subfield code="a">Weekly</subfield></datafield><datafield ind1="1" ind2=" " tag="362"><subfield code="a">Began in 1979.</subfield></datafield><datafield ind1="0" ind2=" " tag="362"><subfield code="a">-v. 7, no. 48 (Nov. 29, 1985).</subfield></datafield><datafield ind1=" " ind2=" " tag="500"><subfield code="a">Publisher varies.</subfield></datafield><datafield ind1=" " ind2=" " tag="588"><subfield code="a">Description based on: Vol. 1, no. 42 (Oct. 5, 1979).</subfield></datafield><datafield ind1=" " ind2=" " tag="752"><subfield code="a">United States</subfield><subfield code="b">Iowa</subfield><subfield code="c">Sac</subfield><subfield code="d">Sac City.</subfield></datafield><datafield ind1="0" ind2="1" tag="780"><subfield code="t">Lytton star (Lytton, Iowa : 1967)</subfield></datafield><datafield ind1="0" ind2="7" tag="785"><subfield code="t">Sac sun</subfield><subfield code="w">(DLC)sn 84027364</subfield></datafield><datafield ind1="0" ind2="7" tag="785"><subfield code="t">Sac sun-star</subfield><subfield code="w">(DLC)sn 88059456</subfield></datafield></record>